<!DOCTYPE html>
<meta charset="utf-8" />
<!-- version 1 -->
<title>[Gen 6] Custom Game replay: sasi78 vs. xielac2</title>
<style>
html,body {font-family:Verdana, sans-serif;font-size:10pt;margin:0;padding:0;}body{padding:12px 0;} .battle-log {font-family:Verdana, sans-serif;font-size:10pt;} .battle-log-inline {border:1px solid #AAAAAA;background:#EEF2F5;color:black;max-width:640px;margin:0 auto 80px;padding-bottom:5px;} .battle-log .inner {padding:4px 8px 0px 8px;} .battle-log .inner-preempt {padding:0 8px 4px 8px;} .battle-log .inner-after {margin-top:0.5em;} .battle-log h2 {margin:0.5em -8px;padding:4px 8px;border:1px solid #AAAAAA;background:#E0E7EA;border-left:0;border-right:0;font-family:Verdana, sans-serif;font-size:13pt;} .battle-log .chat {vertical-align:middle;padding:3px 0 3px 0;font-size:8pt;} .battle-log .chat strong {color:#40576A;} .battle-log .chat em {padding:1px 4px 1px 3px;color:#000000;font-style:normal;} .chat.mine {background:rgba(0,0,0,0.05);margin-left:-8px;margin-right:-8px;padding-left:8px;padding-right:8px;} .spoiler {color:#BBBBBB;background:#BBBBBB;padding:0px 3px;} .spoiler:hover, .spoiler:active, .spoiler-shown {color:#000000;background:#E2E2E2;padding:0px 3px;} .spoiler a {color:#BBBBBB;} .spoiler:hover a, .spoiler:active a, .spoiler-shown a {color:#2288CC;} .chat code, .chat .spoiler:hover code, .chat .spoiler:active code, .chat .spoiler-shown code {border:1px solid #C0C0C0;background:#EEEEEE;color:black;padding:0 2px;} .chat .spoiler code {border:1px solid #CCCCCC;background:#CCCCCC;color:#CCCCCC;} .battle-log .rated {padding:3px 4px;} .battle-log .rated strong {color:white;background:#89A;padding:1px 4px;border-radius:4px;} .spacer {margin-top:0.5em;} .message-announce {background:#6688AA;color:white;padding:1px 4px 2px;} .message-announce a, .broadcast-green a, .broadcast-blue a, .broadcast-red a {color:#DDEEFF;} .broadcast-green {background-color:#559955;color:white;padding:2px 4px;} .broadcast-blue {background-color:#6688AA;color:white;padding:2px 4px;} .infobox {border:1px solid #6688AA;padding:2px 4px;} .infobox-limited {max-height:200px;overflow:auto;overflow-x:hidden;} .broadcast-red {background-color:#AA5544;color:white;padding:2px 4px;} .message-learn-canlearn {font-weight:bold;color:#228822;text-decoration:underline;} .message-learn-cannotlearn {font-weight:bold;color:#CC2222;text-decoration:underline;} .message-effect-weak {font-weight:bold;color:#CC2222;} .message-effect-resist {font-weight:bold;color:#6688AA;} .message-effect-immune {font-weight:bold;color:#666666;} .message-learn-list {margin-top:0;margin-bottom:0;} .message-throttle-notice, .message-error {color:#992222;} .message-overflow, .chat small.message-overflow {font-size:0pt;} .message-overflow::before {font-size:9pt;content:'...';} .subtle {color:#3A4A66;}
</style>
<div class="wrapper replay-wrapper" style="max-width:1180px;margin:0 auto">
<input type="hidden" name="replayid" value="gen6customgame-2172070092" />
<div class="battle"></div><div class="battle-log"></div><div class="replay-controls"></div><div class="replay-controls-2"></div>
<h1 style="font-weight:normal;text-align:center"><strong>[Gen 6] Custom Game</strong><br /><a href="http://pokemonshowdown.com/users/sasi78" class="subtle" target="_blank">sasi78</a> vs. <a href="http://pokemonshowdown.com/users/xielac2" class="subtle" target="_blank">xielac2</a></h1>
<script type="text/plain" class="battle-log-data">|j|☆sasi78

|j|☆xielac2
|t:|1722613638
|gametype|singles
|player|p1|sasi78|clair|
|player|p2|xielac2|265|
|teamsize|p1|6
|teamsize|p2|6
|gen|6
|tier|[Gen 6] Custom Game
|clearpoke
|poke|p1|Luxray, M|item
|poke|p1|Salamence, F|item
|poke|p1|Kingdra, F|item
|poke|p1|Lopunny-Mega, M|item
|poke|p1|Avalugg, F|item
|poke|p1|Musharna, M|item
|poke|p2|Mewtwo|item
|poke|p2|Weavile, F|item
|poke|p2|Hippowdon, M|item
|poke|p2|Hitmonchan, M|item
|poke|p2|Salamence-Mega, F|item
|poke|p2|Aegislash, F|item
|teampreview
|j| Hyskopai
|c| Hyskopai|españa
|c| Hyskopai|suerte
|
|t:|1722613681
|start
|switch|p1a: Whiskyo|Avalugg, F|394\/394
|switch|p2a: Icen`t canyon|Weavile, F|281\/281
|turn|1
|
|t:|1722613696
|switch|p2a: Caliburn´t|Aegislash, F|324\/324
|move|p1a: Whiskyo|Knock Off|p2a: Caliburn´t
|-supereffective|p2a: Caliburn´t
|-damage|p2a: Caliburn´t|218\/324
|-enditem|p2a: Caliburn´t|Sitrus Berry|[from] move: Knock Off|[of] p1a: Whiskyo
|
|upkeep
|turn|2
|
|t:|1722613712
|switch|p1a: Despeinao|Luxray, M|302\/302
|-item|p1a: Despeinao|Air Balloon
|move|p2a: Caliburn´t|Toxic|p1a: Despeinao
|-status|p1a: Despeinao|tox
|
|-damage|p1a: Despeinao|284\/302 tox|[from] psn
|upkeep
|turn|3
|
|t:|1722613735
|move|p1a: Despeinao|V-create|p2a: Caliburn´t
|-supereffective|p2a: Caliburn´t
|-damage|p2a: Caliburn´t|0 fnt
|-unboost|p1a: Despeinao|spe|1
|-unboost|p1a: Despeinao|def|1
|-unboost|p1a: Despeinao|spd|1
|faint|p2a: Caliburn´t
|
|-damage|p1a: Despeinao|248\/302 tox|[from] psn
|upkeep
|
|t:|1722613745
|switch|p2a: Icen`t canyon|Weavile, F|281\/281
|turn|4
|
|t:|1722613766
|switch|p1a: Whiskyo|Avalugg, F|394\/394
|move|p2a: Icen`t canyon|Thousand Arrows|p1a: Whiskyo
|-damage|p1a: Whiskyo|298\/394
|
|upkeep
|turn|5
|
|t:|1722613776
|switch|p2a: Amputadito|Salamence-Mega, F|332\/332
|move|p1a: Whiskyo|Knock Off|p2a: Amputadito
|-damage|p2a: Amputadito|287\/332
|
|upkeep
|turn|6
|
|t:|1722613810
|move|p2a: Amputadito|Flash Cannon|p1a: Whiskyo
|-supereffective|p1a: Whiskyo
|-damage|p1a: Whiskyo|0 fnt
|faint|p1a: Whiskyo
|
|upkeep
|
|t:|1722613832
|switch|p1a: Air Force 1|Salamence, F|332\/332
|turn|7
|
|t:|1722613848
|move|p2a: Amputadito|U-turn|p1a: Air Force 1
|-resisted|p1a: Air Force 1
|debug|Multiscale weaken
|-damage|p1a: Air Force 1|313\/332
|
|t:|1722613861
|switch|p2a: One punch|Hitmonchan, M|241\/241|[from] U-turn
|move|p1a: Air Force 1|Spacial Rend|p2a: One punch
|-damage|p2a: One punch|91\/241
|
|upkeep
|turn|8
|
|t:|1722613872
|move|p1a: Air Force 1|Searing Shot|p2a: One punch
|-damage|p2a: One punch|0 fnt
|faint|p2a: One punch
|
|upkeep
|
|t:|1722613876
|switch|p2a: Amputadito|Salamence-Mega, F|332\/332
|turn|9
|
|t:|1722613916
|switch|p1a: Huevo|Musharna, M|436\/436
|move|p2a: Amputadito|Ice Beam|p1a: Huevo
|-damage|p1a: Huevo|361\/436
|
|-heal|p1a: Huevo|388\/436|[from] item: Leftovers
|upkeep
|turn|10
|
|t:|1722613946
|move|p2a: Amputadito|U-turn|p1a: Huevo
|-supereffective|p1a: Huevo
|-damage|p1a: Huevo|306\/436
|
|t:|1722613949
|switch|p2a: Icen`t canyon|Weavile, F|281\/281|[from] U-turn
|move|p1a: Huevo|Foul Play|p2a: Icen`t canyon
|-resisted|p2a: Icen`t canyon
|-damage|p2a: Icen`t canyon|204\/281
|
|-heal|p1a: Huevo|333\/436|[from] item: Leftovers
|upkeep
|turn|11
|
|t:|1722613980
|switch|p1a: TOTE QUEEN|Kingdra, F|292\/292
|-ability|p1a: TOTE QUEEN|Intimidate|boost
|-unboost|p2a: Icen`t canyon|atk|1
|move|p2a: Icen`t canyon|Night Slash|p1a: TOTE QUEEN
|-damage|p1a: TOTE QUEEN|139\/292
|
|upkeep
|turn|12
|
|t:|1722614005
|switch|p1a: Huevo|Musharna, M|333\/436
|move|p2a: Icen`t canyon|Night Slash|p1a: Huevo
|-supereffective|p1a: Huevo
|-damage|p1a: Huevo|159\/436
|
|-heal|p1a: Huevo|186\/436|[from] item: Leftovers
|upkeep
|turn|13
|
|t:|1722614029
|move|p2a: Icen`t canyon|Night Slash|p1a: Huevo
|-supereffective|p1a: Huevo
|-damage|p1a: Huevo|0 fnt
|faint|p1a: Huevo
|
|upkeep
|
|t:|1722614035
|switch|p1a: TOTE QUEEN|Kingdra, F|139\/292
|-ability|p1a: TOTE QUEEN|Intimidate|boost
|-unboost|p2a: Icen`t canyon|atk|1
|turn|14
|
|t:|1722614048
|move|p2a: Icen`t canyon|U-turn|p1a: TOTE QUEEN
|-damage|p1a: TOTE QUEEN|50\/292
|
|t:|1722614051
|switch|p2a: Tienes coca??|Hippowdon, M|420\/420|[from] U-turn
|move|p1a: TOTE QUEEN|Sacred Sword|p2a: Tienes coca??
|debug|Negating (sp)def boost\/penalty.
|-damage|p2a: Tienes coca??|341\/420
|-damage|p1a: TOTE QUEEN|2\/292|[from] item: Rocky Helmet|[of] p2a: Tienes coca??
|
|upkeep
|turn|15
|
|t:|1722614059
|move|p1a: TOTE QUEEN|Milk Drink|p1a: TOTE QUEEN
|-heal|p1a: TOTE QUEEN|148\/292
|move|p2a: Tienes coca??|Glare|p1a: TOTE QUEEN
|-status|p1a: TOTE QUEEN|par
|
|upkeep
|turn|16
|
|t:|1722614066
|move|p2a: Tienes coca??|Play Rough|p1a: TOTE QUEEN
|-supereffective|p1a: TOTE QUEEN
|-damage|p1a: TOTE QUEEN|0 fnt
|faint|p1a: TOTE QUEEN
|
|upkeep
|
|t:|1722614095
|switch|p1a: Despeinao|Luxray, M|248\/302 tox
|-item|p1a: Despeinao|Air Balloon
|turn|17
|
|t:|1722614140
|move|p1a: Despeinao|V-create|p2a: Tienes coca??|[miss]
|-miss|p1a: Despeinao|p2a: Tienes coca??
|move|p2a: Tienes coca??|Thousand Arrows|p1a: Despeinao
|-supereffective|p1a: Despeinao
|-damage|p1a: Despeinao|0 fnt
|-enditem|p1a: Despeinao|Air Balloon
|faint|p1a: Despeinao
|
|upkeep
|
|t:|1722614150
|switch|p1a: Air Force 1|Salamence, F|313\/332
|turn|18
|
|t:|1722614156
|switch|p2a: Icen`t canyon|Weavile, F|204\/281
|move|p1a: Air Force 1|Freeze-Dry|p2a: Icen`t canyon
|-resisted|p2a: Icen`t canyon
|-damage|p2a: Icen`t canyon|158\/281
|
|upkeep
|turn|19
|
|t:|1722614163
|move|p2a: Icen`t canyon|Night Slash|p1a: Air Force 1
|-crit|p1a: Air Force 1
|-damage|p1a: Air Force 1|0 fnt
|faint|p1a: Air Force 1
|
|upkeep
|
|t:|1722614167
|switch|p1a: Malu|Lopunny-Mega, M|272\/272
|turn|20
|
|t:|1722614174
|move|p1a: Malu|Explosion|p2a: Icen`t canyon
|-damage|p2a: Icen`t canyon|0 fnt
|faint|p1a: Malu
|faint|p2a: Icen`t canyon
|
|win|xielac2
|c| Hyskopai|gg</script>
</div>
<div class="battle-log battle-log-inline"><div class="inner"><div class="battle-options"><div style="padding-top: 3px; padding-right: 3px; text-align: right"><button class="icon button" name="openBattleOptions" title="Options">Battle Options</button></div></div><div class="inner message-log"><div class="chat"><small>☆sasi78 and ☆xielac2 joined</small></div><div class=""><small>Format:</small> <br><strong>[Gen 6] Custom Game</strong></div><div class="chat battle-history"><strong>sasi78's team:</strong> <em style="color:#445566;display:block;">Luxray / Salamence / Kingdra / Lopunny-Mega / Avalugg / Musharna</em></div><div class="chat battle-history"><strong>xielac2's team:</strong> <em style="color:#445566;display:block;">Mewtwo / Weavile / Hippowdon / Hitmonchan / Salamence-Mega / Aegislash</em></div><div class="chat"><small> Hyskopai joined</small></div><div class="chat chatmessage-hyskopai"><strong style="color:#bb3e92"><small> </small><span class="username" data-name="Hyskopai">Hyskopai</span>:</strong> <em>españa</em></div><div class="chat chatmessage-hyskopai"><strong style="color:#bb3e92"><small> </small><span class="username" data-name="Hyskopai">Hyskopai</span>:</strong> <em>suerte</em></div><div class="spacer battle-history"><br></div><div class="battle-history">Battle started between sasi78 and xielac2!<br></div><div class="spacer battle-history"><br></div><div class="battle-history">Go! Whiskyo (<strong>Avalugg</strong>)!<br></div><div class="spacer battle-history"><br></div><div class="battle-history">xielac2 sent out Icen`t canyon (<strong>Weavile</strong>)!<br></div><div class="spacer battle-history"><br></div><h2 class="battle-history">Turn 1</h2><div class="spacer battle-history"><br></div><div class="battle-history">xielac2 withdrew Icen`t canyon!<br></div><div class="battle-history">xielac2 sent out Caliburn´t (<strong>Aegislash</strong>)!<br></div><div class="spacer battle-history"><br></div><div class="battle-history">Whiskyo used <strong>Knock Off</strong>!<br></div><div class="battle-history"><small>It's super effective!</small><br></div><div class="battle-history"><small>(The opposing Caliburn´t lost <abbr title="−106/324">32.7%</abbr> of its health!)</small><br></div><div class="battle-history"><small>Whiskyo knocked off the opposing Caliburn´t's Sitrus Berry!</small><br></div><div class="spacer battle-history"><br></div><h2 class="battle-history">Turn 2</h2><div class="spacer battle-history"><br></div><div class="battle-history">Whiskyo, come back!<br></div><div class="battle-history">Go! Despeinao (<strong>Luxray</strong>)!<br></div><div class="battle-history"><small>Despeinao floats in the air with its Air Balloon!</small><br></div><div class="spacer battle-history"><br></div><div class="battle-history">The opposing Caliburn´t used <strong>Toxic</strong>!<br></div><div class="battle-history"><small>Despeinao was badly poisoned!</small><br></div><div class="spacer battle-history"><br></div><div class="battle-history"><small>Despeinao was hurt by poison!</small><br></div><div class="spacer battle-history"><br></div><h2 class="battle-history">Turn 3</h2><div class="spacer battle-history"><br></div><div class="battle-history">Despeinao used <strong>V-create</strong>!<br></div><div class="battle-history"><small>It's super effective!</small><br></div><div class="battle-history"><small>(The opposing Caliburn´t lost <abbr title="−218/324">67.3%</abbr> of its health!)</small><br></div><div class="battle-history"><small>Despeinao's Speed fell!</small><br></div><div class="battle-history"><small>Despeinao's Defense fell!</small><br></div><div class="battle-history"><small>Despeinao's Sp. Def fell!</small><br></div><div class="spacer battle-history"><br></div><div class="battle-history">The opposing Caliburn´t fainted!<br></div><div class="spacer battle-history"><br></div><div class="battle-history"><small>Despeinao was hurt by poison!</small><br></div><div class="spacer battle-history"><br></div><div class="battle-history">xielac2 sent out Icen`t canyon (<strong>Weavile</strong>)!<br></div><div class="spacer battle-history"><br></div><h2 class="battle-history">Turn 4</h2><div class="spacer battle-history"><br></div><div class="battle-history">Despeinao, come back!<br></div><div class="battle-history">Go! Whiskyo (<strong>Avalugg</strong>)!<br></div><div class="spacer battle-history"><br></div><div class="battle-history">The opposing Icen`t canyon used <strong>Thousand Arrows</strong>!<br></div><div class="battle-history"><small>(Whiskyo lost <abbr title="−96/394">24.4%</abbr> of its health!)</small><br></div><div class="spacer battle-history"><br></div><h2 class="battle-history">Turn 5</h2><div class="spacer battle-history"><br></div><div class="battle-history">xielac2 withdrew Icen`t canyon!<br></div><div class="battle-history">xielac2 sent out Amputadito (<strong>Salamence-Mega</strong>)!<br></div><div class="spacer battle-history"><br></div><div class="battle-history">Whiskyo used <strong>Knock Off</strong>!<br></div><div class="battle-history"><small>(The opposing Amputadito lost <abbr title="−45/332">13.6%</abbr> of its health!)</small><br></div><div class="spacer battle-history"><br></div><h2 class="battle-history">Turn 6</h2><div class="spacer battle-history"><br></div><div class="battle-history">The opposing Amputadito used <strong>Flash Cannon</strong>!<br></div><div class="battle-history"><small>It's super effective!</small><br></div><div class="battle-history"><small>(Whiskyo lost <abbr title="−298/394">75.6%</abbr> of its health!)</small><br></div><div class="spacer battle-history"><br></div><div class="battle-history">Whiskyo fainted!<br></div><div class="spacer battle-history"><br></div><div class="battle-history">Go! Air Force 1 (<strong>Salamence</strong>)!<br></div><div class="spacer battle-history"><br></div><h2 class="battle-history">Turn 7</h2><div class="spacer battle-history"><br></div><div class="battle-history">The opposing Amputadito used <strong>U-turn</strong>!<br></div><div class="battle-history"><small>It's not very effective...</small><br></div><div class="debug"><div class="chat"><small style="color:#999">[DEBUG] Multiscale weaken.</small></div></div><div class="battle-history"><small>(Air Force 1 lost <abbr title="−19/332">5.7%</abbr> of its health!)</small><br></div><div class="spacer battle-history"><br></div><div class="battle-history">The opposing Amputadito went back to xielac2!<br></div><div class="battle-history">xielac2 sent out One punch (<strong>Hitmonchan</strong>)!<br></div><div class="spacer battle-history"><br></div><div class="battle-history">Air Force 1 used <strong>Spacial Rend</strong>!<br></div><div class="battle-history"><small>(The opposing One punch lost <abbr title="−150/241">62.2%</abbr> of its health!)</small><br></div><div class="spacer battle-history"><br></div><h2 class="battle-history">Turn 8</h2><div class="spacer battle-history"><br></div><div class="battle-history">Air Force 1 used <strong>Searing Shot</strong>!<br></div><div class="battle-history"><small>(The opposing One punch lost <abbr title="−91/241">37.8%</abbr> of its health!)</small><br></div><div class="spacer battle-history"><br></div><div class="battle-history">The opposing One punch fainted!<br></div><div class="spacer battle-history"><br></div><div class="battle-history">xielac2 sent out Amputadito (<strong>Salamence-Mega</strong>)!<br></div><div class="spacer battle-history"><br></div><h2 class="battle-history">Turn 9</h2><div class="spacer battle-history"><br></div><div class="battle-history">Air Force 1, come back!<br></div><div class="battle-history">Go! Huevo (<strong>Musharna</strong>)!<br></div><div class="spacer battle-history"><br></div><div class="battle-history">The opposing Amputadito used <strong>Ice Beam</strong>!<br></div><div class="battle-history"><small>(Huevo lost <abbr title="−75/436">17.2%</abbr> of its health!)</small><br></div><div class="spacer battle-history"><br></div><div class="battle-history"><small>Huevo restored a little HP using its Leftovers!</small><br></div><div class="spacer battle-history"><br></div><h2 class="battle-history">Turn 10</h2><div class="spacer battle-history"><br></div><div class="battle-history">The opposing Amputadito used <strong>U-turn</strong>!<br></div><div class="battle-history"><small>It's super effective!</small><br></div><div class="battle-history"><small>(Huevo lost <abbr title="−82/436">18.8%</abbr> of its health!)</small><br></div><div class="spacer battle-history"><br></div><div class="battle-history">The opposing Amputadito went back to xielac2!<br></div><div class="battle-history">xielac2 sent out Icen`t canyon (<strong>Weavile</strong>)!<br></div><div class="spacer battle-history"><br></div><div class="battle-history">Huevo used <strong>Foul Play</strong>!<br></div><div class="battle-history"><small>It's not very effective...</small><br></div><div class="battle-history"><small>(The opposing Icen`t canyon lost <abbr title="−77/281">27.4%</abbr> of its health!)</small><br></div><div class="spacer battle-history"><br></div><div class="battle-history"><small>Huevo restored a little HP using its Leftovers!</small><br></div><div class="spacer battle-history"><br></div><h2 class="battle-history">Turn 11</h2><div class="spacer battle-history"><br></div><div class="battle-history">Huevo, come back!<br></div><div class="battle-history">Go! TOTE QUEEN (<strong>Kingdra</strong>)!<br></div><div class="battle-history">[TOTE QUEEN's Intimidate]<br></div><div class="battle-history"><small>The opposing Icen`t canyon's Attack fell!</small><br></div><div class="spacer battle-history"><br></div><div class="battle-history">The opposing Icen`t canyon used <strong>Night Slash</strong>!<br></div><div class="battle-history"><small>(TOTE QUEEN lost <abbr title="−153/292">52.4%</abbr> of its health!)</small><br></div><div class="spacer battle-history"><br></div><h2 class="battle-history">Turn 12</h2><div class="spacer battle-history"><br></div><div class="battle-history">TOTE QUEEN, come back!<br></div><div class="battle-history">Go! Huevo (<strong>Musharna</strong>)!<br></div><div class="spacer battle-history"><br></div><div class="battle-history">The opposing Icen`t canyon used <strong>Night Slash</strong>!<br></div><div class="battle-history"><small>It's super effective!</small><br></div><div class="battle-history"><small>(Huevo lost <abbr title="−174/436">39.9%</abbr> of its health!)</small><br></div><div class="spacer battle-history"><br></div><div class="battle-history"><small>Huevo restored a little HP using its Leftovers!</small><br></div><div class="spacer battle-history"><br></div><h2 class="battle-history">Turn 13</h2><div class="spacer battle-history"><br></div><div class="battle-history">The opposing Icen`t canyon used <strong>Night Slash</strong>!<br></div><div class="battle-history"><small>It's super effective!</small><br></div><div class="battle-history"><small>(Huevo lost <abbr title="−186/436">42.7%</abbr> of its health!)</small><br></div><div class="spacer battle-history"><br></div><div class="battle-history">Huevo fainted!<br></div><div class="spacer battle-history"><br></div><div class="battle-history">Go! TOTE QUEEN (<strong>Kingdra</strong>)!<br></div><div class="battle-history">[TOTE QUEEN's Intimidate]<br></div><div class="battle-history"><small>The opposing Icen`t canyon's Attack fell!</small><br></div><div class="spacer battle-history"><br></div><h2 class="battle-history">Turn 14</h2><div class="spacer battle-history"><br></div><div class="battle-history">The opposing Icen`t canyon used <strong>U-turn</strong>!<br></div><div class="battle-history"><small>(TOTE QUEEN lost <abbr title="−89/292">30.5%</abbr> of its health!)</small><br></div><div class="spacer battle-history"><br></div><div class="battle-history">The opposing Icen`t canyon went back to xielac2!<br></div><div class="battle-history">xielac2 sent out Tienes coca?? (<strong>Hippowdon</strong>)!<br></div><div class="spacer battle-history"><br></div><div class="battle-history">TOTE QUEEN used <strong>Sacred Sword</strong>!<br></div><div class="debug"><div class="chat"><small style="color:#999">[DEBUG] Negating (sp)def boost/penalty..</small></div></div><div class="battle-history"><small>(The opposing Tienes coca?? lost <abbr title="−79/420">18.8%</abbr> of its health!)</small><br></div><div class="battle-history"><small>TOTE QUEEN was hurt by the Rocky Helmet!</small><br></div><div class="spacer battle-history"><br></div><h2 class="battle-history">Turn 15</h2><div class="spacer battle-history"><br></div><div class="battle-history">TOTE QUEEN used <strong>Milk Drink</strong>!<br></div><div class="battle-history"><small>TOTE QUEEN had its HP restored.</small><br></div><div class="spacer battle-history"><br></div><div class="battle-history">The opposing Tienes coca?? used <strong>Glare</strong>!<br></div><div class="battle-history"><small>TOTE QUEEN is paralyzed! It may be unable to move!</small><br></div><div class="spacer battle-history"><br></div><h2 class="battle-history">Turn 16</h2><div class="spacer battle-history"><br></div><div class="battle-history">The opposing Tienes coca?? used <strong>Play Rough</strong>!<br></div><div class="battle-history"><small>It's super effective!</small><br></div><div class="battle-history"><small>(TOTE QUEEN lost <abbr title="−148/292">50.7%</abbr> of its health!)</small><br></div><div class="spacer battle-history"><br></div><div class="battle-history">TOTE QUEEN fainted!<br></div><div class="spacer battle-history"><br></div><div class="battle-history">Go! Despeinao (<strong>Luxray</strong>)!<br></div><div class="battle-history"><small>Despeinao floats in the air with its Air Balloon!</small><br></div><div class="spacer battle-history"><br></div><h2 class="battle-history">Turn 17</h2><div class="spacer battle-history"><br></div><div class="battle-history">Despeinao used <strong>V-create</strong>!<br></div><div class="battle-history"><small>The opposing Tienes coca?? avoided the attack!</small><br></div><div class="spacer battle-history"><br></div><div class="battle-history">The opposing Tienes coca?? used <strong>Thousand Arrows</strong>!<br></div><div class="battle-history"><small>It's super effective!</small><br></div><div class="battle-history"><small>(Despeinao lost <abbr title="−248/302">82.1%</abbr> of its health!)</small><br></div><div class="battle-history"><small>Despeinao's Air Balloon popped!</small><br></div><div class="spacer battle-history"><br></div><div class="battle-history">Despeinao fainted!<br></div><div class="spacer battle-history"><br></div><div class="battle-history">Go! Air Force 1 (<strong>Salamence</strong>)!<br></div><div class="spacer battle-history"><br></div><h2 class="battle-history">Turn 18</h2><div class="spacer battle-history"><br></div><div class="battle-history">xielac2 withdrew Tienes coca??!<br></div><div class="battle-history">xielac2 sent out Icen`t canyon (<strong>Weavile</strong>)!<br></div><div class="spacer battle-history"><br></div><div class="battle-history">Air Force 1 used <strong>Freeze-Dry</strong>!<br></div><div class="battle-history"><small>It's not very effective...</small><br></div><div class="battle-history"><small>(The opposing Icen`t canyon lost <abbr title="−46/281">16.4%</abbr> of its health!)</small><br></div><div class="spacer battle-history"><br></div><h2 class="battle-history">Turn 19</h2><div class="spacer battle-history"><br></div><div class="battle-history">The opposing Icen`t canyon used <strong>Night Slash</strong>!<br></div><div class="battle-history"><small>A critical hit!</small><br></div><div class="battle-history"><small>(Air Force 1 lost <abbr title="−313/332">94.3%</abbr> of its health!)</small><br></div><div class="spacer battle-history"><br></div><div class="battle-history">Air Force 1 fainted!<br></div><div class="spacer battle-history"><br></div><div class="battle-history">Go! Malu (<strong>Lopunny-Mega</strong>)!<br></div><div class="spacer battle-history"><br></div><h2 class="battle-history">Turn 20</h2><div class="spacer battle-history"><br></div><div class="battle-history">Malu used <strong>Explosion</strong>!<br></div><div class="battle-history"><small>(The opposing Icen`t canyon lost <abbr title="−158/281">56.2%</abbr> of its health!)</small><br></div><div class="spacer battle-history"><br></div><div class="battle-history">Malu fainted!<br></div><div class="battle-history">The opposing Icen`t canyon fainted!<br></div><div class="spacer battle-history"><br></div><div class="battle-history"><strong>xielac2</strong> won the battle!<br></div><div class="chat chatmessage-hyskopai"><strong style="color:#bb3e92"><small> </small><span class="username" data-name="Hyskopai">Hyskopai</span>:</strong> <em>gg</em></div></div><div class="inner-preempt message-log"></div></div></div>
</div>
<script>
let daily = Math.floor(Date.now()/1000/60/60/24);document.write('<script src="https://play.pokemonshowdown.com/js/replay-embed.js?version'+daily+'"></'+'script>');
</script>
